
@UNPUBLISHED{Javier94,
        AUTHOR = "Javier {Lopez Cascales} and J. {Garcia de la Torre}
                  Siewert Jan Marrink and Herman J. C. Berendsen",  
        TITLE = "Molecular dynamics simulation of a charged biological
		 membrane",
        NOTE = "submitted"
		 }

@Unpublished{Lensink95,
  author = 	 "M. Lensink and J. Mavri and H. J. C. Berendsen",
  title = 	 "Simultaneous Integration of Mixed Quantum-Classical 
                  Systems by Density Matrix Evolution Equations 
                  using Interaction Representation and
                  Adaptive Time-Step Integrator",
  note = 	 "(submitted)",
  year =	 1995
}

@Unpublished{Mavri96a,
  author = 	 "J. Mavri and D. van der Spoel and H. J. C. Berendsen",
  title = 	 "The Rate of Proton Transfer in the Active Site of
		  {HIV}-1 Protease",
  note = 	 "(submitted)",
}

@UNPUBLISHED{Tissen95,
        AUTHOR = "J. T. W. M.  Tissen and J. G. E. M. Fraaije and J. Drenth
		  and H. J. C. Berendsen",
        TITLE = "{Microhydrodynamics simulation of protein
		  crystallization. II. Dynamic calculations}",
        JOURNAL = "Biophys. J.",
        NOTE = "in preparation",
        YEAR = 1995
}

@Unpublished{Vaart95,
  author = 	 "A. van der Vaart and J. Mavri and H. J. C. Berendsen",
  title = 	 "The Rate of Proton Transfer from {H$_3$O$^+$} to
		  {OH$^-$} in aqueous solution",
  note = 	 "To be published",
  year =	 1995
}




@Article{Fabian96,
  author = 	 "H. Fabian and T. Yuan and H. J. Vogel and H. H. Mantsch",
  title = 	 "Comparative Analysis of the amino- and
		  carboxy-terminal domains of calmodulin by {F}ourier
		  transform infrared spectroscopy",
  journal =	 BTebj,
  year =	 1996,
  volume =	 24,
  pages =	 "00-00"
}

@Unpublished{Tieleman96b,
  author =       {D. P. Tieleman and D. van der Spoel and H. J. C. Berendsen},
  title =        {Molecular Dynamics Studies of Dodecylphosphocholine Micelles},
  note =  	 {(in preparation)},
}


@InCollection{Everdij97a,
  author = 	 {F. P. X. Everdij and D. A Wiersma and D. van der Spoel
                  and J. Mavri},
  title = 	 {Molecular Dynamics Simulation Study of the
                  Photodissociation of the Iodine-Benzene
                  Charge-Transfer Complex},
  booktitle = 	 {Proceedings of the Nobel symposium 101:
                  Femtochemistry and Femtobiology: Ultrafast Reaction
                  Dynamics at Atomic-Scale Resolution},
  publisher =	 {Imperial College Press},
  year =	 1997,
  editor =	 {V. Sundstrom},
  address =	 {Sweden},
  pages =	 {1-22}
}

@Unpublished{Shepherd97a,
  author = 	 {C. M. Shepherd and D. van der Spoel and
                  H. J. C. Berendsen and H. J. Vogel},
  title = 	 {Molecular Dynamics simulations of
                  Calmoduling-binding peptides in solution},
  note = 	 {Submitted to {PROTEINS}},
  OPTkey = 	 {},
  OPTyear = 	 {},
  OPTmonth = 	 {},
  OPTannote = 	 {}
}

@Unpublished{Shepherd97b,
  author = 	 {C. M. Shepherd and D. van der Spoel and N. Zhou and
                  H. J. C. Berendsen and H. J. Vogel},
  title = 	 {Secondary Structure and Molecular Dynamics of
                  Peptides from the Central Region of Caldesmon},
  note = 	 {To be submitted to {B}iophysical Journal},
  OPTkey = 	 {},
  OPTyear = 	 {},
  OPTmonth = 	 {},
  OPTannote = 	 {}
}

@Unpublished{bereau12,
  author =   "T. Bereau and Z.-J. Wang and M. Deserno",
  title =    "Solvent-free coarse-grained model for unbiased high-resolution
                  protein-lipid interactions",
  note =   "(submitted)",
}
